% 2020 PAAR
@inproceedings{DBLP:conf/cade/Bartek020,
	author       = {Filip B{\'{a}}rtek and
	Martin Suda},
	title        = {Learning Precedences from Simple Symbol Features},
	booktitle    = {Joint Proceedings of the 7th Workshop on Practical Aspects of Automated
	Reasoning {(PAAR)} and the 5th Satisfiability Checking and Symbolic
	Computation Workshop (SC-Square) Workshop, 2020 co-located with the
	10th International Joint Conference on Automated Reasoning {(IJCAR}
	2020), Paris, France, June-July, 2020 (Virtual)},
	pages        = {21--33},
	year         = {2020},
	crossref     = {DBLP:conf/cade/2020paar},
	url          = {https://ceur-ws.org/Vol-2752/paper2.pdf},
	timestamp    = {Fri, 10 Mar 2023 16:23:14 +0100},
	biburl       = {https://dblp.org/rec/conf/cade/Bartek020.bib},
	bibsource    = {dblp computer science bibliography, https://dblp.org}
}
@proceedings{DBLP:conf/cade/2020paar,
	editor       = {Pascal Fontaine and
	Konstantin Korovin and
	Ilias S. Kotsireas and
	Philipp R{\"{u}}mmer and
	Sophie Tourret},
	title        = {Joint Proceedings of the 7th Workshop on Practical Aspects of Automated
	Reasoning {(PAAR)} and the 5th Satisfiability Checking and Symbolic
	Computation Workshop (SC-Square) Workshop, 2020 co-located with the
	10th International Joint Conference on Automated Reasoning {(IJCAR}
	2020), Paris, France, June-July, 2020 (Virtual)},
	series       = {{CEUR} Workshop Proceedings},
	volume       = {2752},
	publisher    = {CEUR-WS.org},
	year         = {2020},
	url          = {https://ceur-ws.org/Vol-2752},
	urn          = {urn:nbn:de:0074-2752-0},
	timestamp    = {Thu, 04 Apr 2024 12:46:47 +0200},
	biburl       = {https://dblp.org/rec/conf/cade/2020paar.bib},
	bibsource    = {dblp computer science bibliography, https://dblp.org}
}

% 2021 CADE
@inproceedings{DBLP:conf/cade/Bartek021,
  author       = {Filip B{\'{a}}rtek and
                  Martin Suda},
  title        = {Neural Precedence Recommender},
  booktitle    = {Automated Deduction - {CADE} 28 - 28th International Conference on
                  Automated Deduction, Virtual Event, July 12-15, 2021, Proceedings},
  pages        = {525--542},
  year         = {2021},
  crossref     = {DBLP:conf/cade/2021},
  url          = {https://doi.org/10.1007/978-3-030-79876-5\_30},
  doi          = {10.1007/978-3-030-79876-5\_30},
  timestamp    = {Thu, 29 Jul 2021 13:42:16 +0200},
  biburl       = {https://dblp.org/rec/conf/cade/Bartek021.bib},
  bibsource    = {dblp computer science bibliography, https://dblp.org}
}
@proceedings{DBLP:conf/cade/2021,
	editor       = {Andr{\'{e}} Platzer and
	Geoff Sutcliffe},
	title        = {Automated Deduction - {CADE} 28 - 28th International Conference on
	Automated Deduction, Virtual Event, July 12-15, 2021, Proceedings},
	series       = {Lecture Notes in Computer Science},
	volume       = {12699},
	publisher    = {Springer},
	year         = {2021},
	url          = {https://doi.org/10.1007/978-3-030-79876-5},
	doi          = {10.1007/978-3-030-79876-5},
	isbn         = {978-3-030-79875-8},
	timestamp    = {Fri, 23 Feb 2024 15:02:04 +0100},
	biburl       = {https://dblp.org/rec/conf/cade/2021.bib},
	bibsource    = {dblp computer science bibliography, https://dblp.org}
}

% 2023 LPAR
@inproceedings{DBLP:conf/lpar/Bartek023,
  author       = {Filip B{\'{a}}rtek and
                  Martin Suda},
  title        = {How Much Should This Symbol Weigh? {A} GNN-Advised Clause Selection},
  booktitle    = {{LPAR} 2023: Proceedings of 24th International Conference on Logic
                  for Programming, Artificial Intelligence and Reasoning, Manizales,
                  Colombia, 4-9th June 2023},
  pages        = {96--111},
  year         = {2023},
  crossref     = {DBLP:conf/lpar/2023},
  url          = {https://doi.org/10.29007/5f4r},
  doi          = {10.29007/5F4R},
  timestamp    = {Sat, 30 Sep 2023 09:52:10 +0200},
  biburl       = {https://dblp.org/rec/conf/lpar/Bartek023.bib},
  bibsource    = {dblp computer science bibliography, https://dblp.org}
}
@proceedings{DBLP:conf/lpar/2023,
	editor       = {Ruzica Piskac and
	Andrei Voronkov},
	title        = {{LPAR} 2023: Proceedings of 24th International Conference on Logic
	for Programming, Artificial Intelligence and Reasoning, Manizales,
	Colombia, 4-9th June 2023},
	series       = {EPiC Series in Computing},
	volume       = {94},
	publisher    = {EasyChair},
	year         = {2023},
	url          = {https://www.easychair.org/publications/volume/LPAR\_2023},
	timestamp    = {Fri, 23 Feb 2024 20:09:43 +0100},
	biburl       = {https://dblp.org/rec/conf/lpar/2023.bib},
	bibsource    = {dblp computer science bibliography, https://dblp.org}
}

% 2024 IJCAR - dataset
@misc{bartek10814478,
	author       = {Bártek, Filip and
	Suda, Martin},
	title        = {Vampire strategy performance measurements},
	month        = mar,
	year         = 2024,
	publisher    = {Zenodo},
	version      = {1.0},
	doi          = {10.5281/zenodo.10814478},
	url          = {https://doi.org/10.5281/zenodo.10814478}
}

% 2024 IJCAR
@misc{bartek2024regularization,
	title={Regularization in Spider-Style Strategy Discovery and Schedule Construction}, 
	author={Filip Bártek and Karel Chvalovský and Martin Suda},
	year={2024},
	eprint={2403.12869},
	archivePrefix={arXiv},
	primaryClass={cs.AI},
	url={https://arxiv.org/abs/2403.12869},
	doi={10.48550/arXiv.2403.12869}
}

% https://is.muni.cz/th/324945/fi_b/?lang=en#panelbiblatex
@misc{Bartek2012thesis,
	AUTHOR = {Bártek, Filip},
	TITLE = {Realizace Rabinovy hry na konečných grafech},
	YEAR = {2012},
	TYPE = {Bachelor's thesis},
	INSTITUTION = {Masaryk University, Faculty of Informatics},
	LOCATION = {Brno},
	SUPERVISOR = {Ivana Černá},
	URL = {https://is.muni.cz/th/u1ehd/},
	URL_DATE = {2024-04-04},
}

% https://dspace.cuni.cz/handle/20.500.11956/62638
% https://www.citacepro.com/dokument/8pPhJ9buUYe41Daa
phdthesis{bartek2015, address={Praha}, type={diplomová práce}, title={Minimální reprezentace víceintervalových booleovských funkcí}, url={http://hdl.handle.net/20.500.11956/62638}, author={Bártek, Filip}, year={2015} }
@mastersthesis{bartek2015, address={Praha}, type={Master's thesis}, title={Minimum representations of Boolean functions defined by multiple intervals}, url={http://hdl.handle.net/20.500.11956/62638}, author={Bártek, Filip}, year={2015}, school={Charles University} }

@article{DBLP:journals/corr/abs-2403-04017,
  author       = {Lasse Blaauwbroek and
                  David M. Cerna and
                  Thibault Gauthier and
                  Jan Jakubuv and
                  Cezary Kaliszyk and
                  Martin Suda and
                  Josef Urban},
  title        = {Learning Guided Automated Reasoning: {A} Brief Survey},
  journal      = {CoRR},
  volume       = {abs/2403.04017},
  year         = {2024},
  url          = {https://doi.org/10.48550/arXiv.2403.04017},
  doi          = {10.48550/ARXIV.2403.04017},
  eprinttype    = {arXiv},
  eprint       = {2403.04017},
  timestamp    = {Wed, 03 Apr 2024 15:23:01 +0200},
  biburl       = {https://dblp.org/rec/journals/corr/abs-2403-04017.bib},
  bibsource    = {dblp computer science bibliography, https://dblp.org}
}

@article{Sut16,
	author       = {Geoff Sutcliffe},
	title        = {The {CADE} {ATP} System Competition - {CASC}},
	journal      = {{AI} Mag.},
	volume       = {37},
	number       = {2},
	pages        = {99--101},
	year         = {2016},
	url          = {https://doi.org/10.1609/aimag.v37i2.2620},
	doi          = {10.1609/AIMAG.V37I2.2620},
	timestamp    = {Fri, 09 Apr 2021 18:26:24 +0200},
	biburl       = {https://dblp.org/rec/journals/aim/Sutcliffe16.bib},
	bibsource    = {dblp computer science bibliography, https://dblp.org}
}
